<record><leader>00000cas a2200000 a 4500</leader><controlfield tag="001">11912360</controlfield><controlfield tag="008">850412d19371954inuwr ne      0    0eng c</controlfield><datafield ind1=" " ind2=" " tag="010"><subfield code="a">sn 85047768 </subfield></datafield><datafield ind1=" " ind2=" " tag="040"><subfield code="a">NPI</subfield><subfield code="b">eng</subfield><subfield code="c">NPI</subfield><subfield code="d">MHN</subfield><subfield code="d">OCL</subfield><subfield code="d">OCLCQ</subfield><subfield code="d">OCLCF</subfield><subfield code="d">OCLCO</subfield><subfield code="d">IUL</subfield></datafield><datafield ind1=" " ind2=" " tag="042"><subfield code="a">pcc</subfield></datafield><datafield ind1=" " ind2=" " tag="043"><subfield code="a">n-us-in</subfield></datafield><datafield ind1="0" ind2="4" tag="245"><subfield code="a">The Plain dealer, Republican, news.</subfield></datafield><datafield ind1=" " ind2=" " tag="260"><subfield code="a">North Vernon, Ind. :</subfield><subfield code="b">Calvert C. Klingner,</subfield><subfield code="c">1937-1954.</subfield></datafield><datafield ind1=" " ind2=" " tag="300"><subfield code="a">17 v. :</subfield><subfield code="b">ill.</subfield></datafield><datafield ind1=" " ind2=" " tag="310"><subfield code="a">Weekly</subfield></datafield><datafield ind1="0" ind2=" " tag="362"><subfield code="a">Vol. 75, no. 36 (Nov. 25, 1937)-v. 92, no. 24 (Sept. 2, 1954).</subfield></datafield><datafield ind1=" " ind2="0" tag="651"><subfield code="a">North Vernon (Ind.)</subfield><subfield code="v">Newspapers.</subfield></datafield><datafield ind1=" " ind2="0" tag="651"><subfield code="a">Jennings County (Ind.)</subfield><subfield code="v">Newspapers.</subfield></datafield><datafield ind1=" " ind2="7" tag="651"><subfield code="a">Indiana</subfield><subfield code="z">Jennings County.</subfield><subfield code="2">fast</subfield><subfield code="0">(OCoLC)fst01214941</subfield></datafield><datafield ind1=" " ind2="7" tag="651"><subfield code="a">Indiana</subfield><subfield code="z">North Vernon.</subfield><subfield code="2">fast</subfield><subfield code="0">(OCoLC)fst01237916</subfield></datafield><datafield ind1=" " ind2="7" tag="655"><subfield code="a">Newspapers.</subfield><subfield code="2">fast</subfield><subfield code="0">(OCoLC)fst01423814</subfield></datafield><datafield ind1=" " ind2=" " tag="752"><subfield code="a">United States</subfield><subfield code="b">Indiana</subfield><subfield code="c">Jennings</subfield><subfield code="d">North Vernon.</subfield></datafield><datafield ind1="0" ind2="0" tag="780"><subfield code="t">Plain dealer, Republican, Jennings County news</subfield><subfield code="w">(DLC)sn 85047767</subfield><subfield code="w">(OCoLC)11912281</subfield></datafield><datafield ind1="0" ind2="0" tag="785"><subfield code="t">North Vernon plain dealer</subfield><subfield code="w">(DLC)sn 85047769</subfield><subfield code="w">(OCoLC)11912443</subfield></datafield><datafield ind1="1" ind2=" " tag="029"><subfield code="a">AU@</subfield><subfield code="b">000020372082</subfield></datafield></record>